%% This BibTeX bibliography file was created using BibDesk.
%% http://bibdesk.sourceforge.net/


%% Created for Eric C. Anderson at 2015-12-23 13:11:36 -0800 


%% Saved with string encoding Unicode (UTF-8) 



@article{Israeletal2009,
	Author = {Israel, Joshua A and Bando, K Jun and Anderson, Eric C and May, Bernie},
	Date-Added = {2015-12-23 21:11:35 +0000},
	Date-Modified = {2015-12-23 21:11:35 +0000},
	Journal = {Canadian Journal of Fisheries and Aquatic Sciences},
	Pages = {1491--1504},
	Title = {Polyploid microsatellite data reveal stock complexity among estuarine North American green sturgeon (Acipenser medirostris)},
	Volume = {66},
	Year = {2009}}

@article{hastie1996discriminant,
	Author = {Hastie, Trevor and Tibshirani, Robert},
	Date-Added = {2015-05-01 18:51:55 +0000},
	Date-Modified = {2015-05-01 18:51:55 +0000},
	Journal = {Journal of the Royal Statistical Society. Series B (Methodological)},
	Pages = {155--176},
	Publisher = {JSTOR},
	Title = {Discriminant analysis by Gaussian mixtures},
	Year = {1996}}

@article{meirmans2004genotype,
	Author = {Meirmans, Patrick G and Van Tienderen, Peter H},
	Date-Added = {2015-05-01 18:50:55 +0000},
	Date-Modified = {2015-05-01 18:50:55 +0000},
	Journal = {Molecular Ecology Notes},
	Number = {4},
	Pages = {792--794},
	Publisher = {Wiley Online Library},
	Title = {GENOTYPE and GENODIVE: two programs for the analysis of genetic diversity of asexual organisms},
	Volume = {4},
	Year = {2004}}

@article{voorrips2011genotype,
	Author = {Voorrips, Roeland E and Gort, Gerrit and Vosman, Ben},
	Date-Added = {2015-05-01 18:46:04 +0000},
	Date-Modified = {2015-05-01 18:46:04 +0000},
	Journal = {BMC bioinformatics},
	Number = {1},
	Pages = {172},
	Publisher = {BioMed Central Ltd},
	Title = {Genotype calling in tetraploid species from bi-allelic marker data using mixture models},
	Volume = {12},
	Year = {2011}}

@article{Petersonetal2012,
	Author = {Brant K Peterson and Jesse N Weber and Emily H Kay and Heidi S Fisher and Hopi E Hoekstra},
	Date-Added = {2015-05-01 18:45:03 +0000},
	Date-Modified = {2015-05-01 18:45:03 +0000},
	Journal = {PLoS ONE},
	Pages = {e37135},
	Title = {Double digest RADseq: an inexpensive method for de novo SNP discovery and genotyping in model and non-model species},
	Volume = {7},
	Year = {2012}}

@article{catchen2011stacks,
	Author = {Catchen, Julian M and Amores, Angel and Hohenlohe, Paul and Cresko, William and Postlethwait, John H},
	Date-Added = {2015-05-01 18:43:35 +0000},
	Date-Modified = {2015-05-01 18:43:35 +0000},
	Journal = {G3: Genes, Genomes, Genetics},
	Number = {3},
	Pages = {171--182},
	Publisher = {Genetics Society of America},
	Title = {Stacks: building and genotyping loci de novo from short-read sequences},
	Volume = {1},
	Year = {2011}}

@article{Andersonetal2008,
	Author = {Eric C Anderson and Robin S Waples and Steven T Kalinowski},
	Date-Added = {2015-05-01 18:42:44 +0000},
	Date-Modified = {2015-05-01 18:42:44 +0000},
	Journal = {Can J Fish Aquat Sci},
	Pages = {1475--1486},
	Title = {An improved method for predicting the accuracy of genetic stock identification},
	Volume = {65},
	Year = {2008}}
